<?xml version="1.0" encoding="UTF-8"?><collection xmlns="http://www.loc.gov/MARC21/slim"><record><leader>00418nam--2200145-i-4500</leader><controlfield tag="001">000012872</controlfield><controlfield tag="002">20161230</controlfield><controlfield tag="005">20161230201030</controlfield><controlfield tag="008">060222s1000------------r-----000-0-eng-d</controlfield><datafield ind1=" " ind2=" " tag="080"><subfield code="a">620.193.O82.1</subfield></datafield><datafield ind1=" " ind2=" " tag="245"><subfield code="a">Corrosion science and technology</subfield></datafield><datafield ind1=" " ind2=" " tag="260"><subfield code="a">New York, Plenum Press, 1976 X + 267 P</subfield></datafield><datafield ind1=" " ind2=" " tag="490"><subfield code="a">Advances In Corrosion Science And Technology</subfield></datafield><datafield ind1=" " ind2=" " tag="700"><subfield code="a">Mars G. Fontana And Roger W.Staehle</subfield></datafield><datafield ind1=" " ind2=" " tag="852"><subfield code="a">46549</subfield></datafield></record></collection>